%YAML 1.1
%TAG !u! tag:unity3d.com,2011:
--- !u!1001 &100100000
Prefab:
  m_ObjectHideFlags: 1
  serializedVersion: 2
  m_Modification:
    m_TransformParent: {fileID: 0}
    m_Modifications: []
    m_RemovedComponents: []
  m_ParentPrefab: {fileID: 0}
  m_RootGameObject: {fileID: 1960407925050176}
  m_IsPrefabParent: 1
--- !u!1 &1960407925050176
GameObject:
  m_ObjectHideFlags: 0
  m_PrefabParentObject: {fileID: 0}
  m_PrefabInternal: {fileID: 100100000}
  serializedVersion: 5
  m_Component:
  - component: {fileID: 4223842798848670}
  - component: {fileID: 33936081189525040}
  - component: {fileID: 23701979336629274}
  - component: {fileID: 54890761314870654}
  - component: {fileID: 65773577725254902}
  - component: {fileID: 114452616368476196}
  - component: {fileID: 114968316943224174}
  m_Layer: 9
  m_Name: Mailbox_Mail
  m_TagString: Trash
  m_Icon: {fileID: 0}
  m_NavMeshLayer: 0
  m_StaticEditorFlags: 0
  m_IsActive: 1
--- !u!4 &4223842798848670
Transform:
  m_ObjectHideFlags: 1
  m_PrefabParentObject: {fileID: 0}
  m_PrefabInternal: {fileID: 100100000}
  m_GameObject: {fileID: 1960407925050176}
  m_LocalRotation: {x: -0.70602506, y: 0.03909795, z: 0.03909795, w: 0.70602506}
  m_LocalPosition: {x: 1.2650414, y: -2.0407166, z: 1.7138672}
  m_LocalScale: {x: 3.5105953, y: 3.510595, z: 3.5105946}
  m_Children: []
  m_Father: {fileID: 0}
  m_RootOrder: 0
  m_LocalEulerAnglesHint: {x: -90.00001, y: 0, z: 6.339}
--- !u!23 &23701979336629274
MeshRenderer:
  m_ObjectHideFlags: 1
  m_PrefabParentObject: {fileID: 0}
  m_PrefabInternal: {fileID: 100100000}
  m_GameObject: {fileID: 1960407925050176}
  m_Enabled: 1
  m_CastShadows: 1
  m_ReceiveShadows: 1
  m_DynamicOccludee: 1
  m_MotionVectors: 1
  m_LightProbeUsage: 1
  m_ReflectionProbeUsage: 1
  m_Materials:
  - {fileID: 2100000, guid: 6bb220a72e5d98e41af37172f292f209, type: 3}
  - {fileID: 2100002, guid: 6bb220a72e5d98e41af37172f292f209, type: 3}
  - {fileID: 2100004, guid: 6bb220a72e5d98e41af37172f292f209, type: 3}
  m_StaticBatchInfo:
    firstSubMesh: 0
    subMeshCount: 0
  m_StaticBatchRoot: {fileID: 0}
  m_ProbeAnchor: {fileID: 0}
  m_LightProbeVolumeOverride: {fileID: 0}
  m_ScaleInLightmap: 1
  m_PreserveUVs: 0
  m_IgnoreNormalsForChartDetection: 0
  m_ImportantGI: 0
  m_StitchLightmapSeams: 0
  m_SelectedEditorRenderState: 3
  m_MinimumChartSize: 4
  m_AutoUVMaxDistance: 0.5
  m_AutoUVMaxAngle: 89
  m_LightmapParameters: {fileID: 0}
  m_SortingLayerID: 0
  m_SortingLayer: 0
  m_SortingOrder: 0
--- !u!33 &33936081189525040
MeshFilter:
  m_ObjectHideFlags: 1
  m_PrefabParentObject: {fileID: 0}
  m_PrefabInternal: {fileID: 100100000}
  m_GameObject: {fileID: 1960407925050176}
  m_Mesh: {fileID: 4300000, guid: 6bb220a72e5d98e41af37172f292f209, type: 3}
--- !u!54 &54890761314870654
Rigidbody:
  m_ObjectHideFlags: 1
  m_PrefabParentObject: {fileID: 0}
  m_PrefabInternal: {fileID: 100100000}
  m_GameObject: {fileID: 1960407925050176}
  serializedVersion: 2
  m_Mass: 0.01
  m_Drag: 0
  m_AngularDrag: 0.05
  m_UseGravity: 1
  m_IsKinematic: 0
  m_Interpolate: 0
  m_Constraints: 0
  m_CollisionDetection: 0
--- !u!65 &65773577725254902
BoxCollider:
  m_ObjectHideFlags: 1
  m_PrefabParentObject: {fileID: 0}
  m_PrefabInternal: {fileID: 100100000}
  m_GameObject: {fileID: 1960407925050176}
  m_Material: {fileID: 0}
  m_IsTrigger: 0
  m_Enabled: 1
  serializedVersion: 2
  m_Size: {x: 0.15000002, y: 0.25000006, z: 0.018000001}
  m_Center: {x: 0, y: 0, z: 4.6566134e-10}
--- !u!114 &114452616368476196
MonoBehaviour:
  m_ObjectHideFlags: 1
  m_PrefabParentObject: {fileID: 0}
  m_PrefabInternal: {fileID: 100100000}
  m_GameObject: {fileID: 1960407925050176}
  m_Enabled: 1
  m_EditorHideFlags: 0
  m_Script: {fileID: 11500000, guid: 77d90ec1a2201ac40bc45eb3a0dd12e9, type: 3}
  m_Name: 
  m_EditorClassIdentifier: 
  InitialPosition: {x: 0, y: 0, z: 0}
  InitialRotation: {x: 0, y: 0, z: 0, w: 1}
  Rigidbody: {fileID: 0}
--- !u!114 &114968316943224174
MonoBehaviour:
  m_ObjectHideFlags: 1
  m_PrefabParentObject: {fileID: 0}
  m_PrefabInternal: {fileID: 100100000}
  m_GameObject: {fileID: 1960407925050176}
  m_Enabled: 1
  m_EditorHideFlags: 0
  m_Script: {fileID: 11500000, guid: 2d3e7392f8d6e54459e52fd57586e636, type: 3}
  m_Name: 
  m_EditorClassIdentifier: 
  IsBigObject: 0
  IsSmallObject: 0
  IsSoftObject: 1
  IsSteelTrashObject: 0
  IsTransfo: 0
