%YAML 1.1
%TAG !u! tag:unity3d.com,2011:
--- !u!1001 &100100000
Prefab:
  m_ObjectHideFlags: 1
  serializedVersion: 2
  m_Modification:
    m_TransformParent: {fileID: 0}
    m_Modifications: []
    m_RemovedComponents: []
  m_ParentPrefab: {fileID: 0}
  m_RootGameObject: {fileID: 1854168382126648}
  m_IsPrefabParent: 1
--- !u!1 &1016798278386058
GameObject:
  m_ObjectHideFlags: 0
  m_PrefabParentObject: {fileID: 0}
  m_PrefabInternal: {fileID: 100100000}
  serializedVersion: 5
  m_Component:
  - component: {fileID: 4597473479198792}
  - component: {fileID: 33488534993857032}
  - component: {fileID: 23652527823203866}
  - component: {fileID: 64997252829548948}
  - component: {fileID: 54400273293585036}
  - component: {fileID: 114795359100205880}
  m_Layer: 9
  m_Name: Trash_Paper (4)
  m_TagString: Trash
  m_Icon: {fileID: 0}
  m_NavMeshLayer: 0
  m_StaticEditorFlags: 0
  m_IsActive: 1
--- !u!1 &1504057532608332
GameObject:
  m_ObjectHideFlags: 0
  m_PrefabParentObject: {fileID: 0}
  m_PrefabInternal: {fileID: 100100000}
  serializedVersion: 5
  m_Component:
  - component: {fileID: 4060957614908998}
  - component: {fileID: 33224059187714440}
  - component: {fileID: 23217487722492322}
  - component: {fileID: 64898753017049944}
  - component: {fileID: 54838351371725540}
  - component: {fileID: 114206402226995156}
  m_Layer: 9
  m_Name: Trash_Paper (3)
  m_TagString: Trash
  m_Icon: {fileID: 0}
  m_NavMeshLayer: 0
  m_StaticEditorFlags: 0
  m_IsActive: 1
--- !u!1 &1609016938064110
GameObject:
  m_ObjectHideFlags: 0
  m_PrefabParentObject: {fileID: 0}
  m_PrefabInternal: {fileID: 100100000}
  serializedVersion: 5
  m_Component:
  - component: {fileID: 4443847196331016}
  - component: {fileID: 33988794428251796}
  - component: {fileID: 23071282659909500}
  - component: {fileID: 64548349736564980}
  - component: {fileID: 54100927471839974}
  - component: {fileID: 114866770480369462}
  m_Layer: 9
  m_Name: Trash_Paper (2)
  m_TagString: Trash
  m_Icon: {fileID: 0}
  m_NavMeshLayer: 0
  m_StaticEditorFlags: 0
  m_IsActive: 1
--- !u!1 &1618947309454928
GameObject:
  m_ObjectHideFlags: 0
  m_PrefabParentObject: {fileID: 0}
  m_PrefabInternal: {fileID: 100100000}
  serializedVersion: 5
  m_Component:
  - component: {fileID: 4571303162302494}
  - component: {fileID: 33982838567966118}
  - component: {fileID: 23554046438586370}
  - component: {fileID: 64006624140338562}
  - component: {fileID: 54362028326090374}
  - component: {fileID: 114427720722925670}
  m_Layer: 9
  m_Name: Trash_Paper (1)
  m_TagString: Trash
  m_Icon: {fileID: 0}
  m_NavMeshLayer: 0
  m_StaticEditorFlags: 0
  m_IsActive: 1
--- !u!1 &1854168382126648
GameObject:
  m_ObjectHideFlags: 0
  m_PrefabParentObject: {fileID: 0}
  m_PrefabInternal: {fileID: 100100000}
  serializedVersion: 5
  m_Component:
  - component: {fileID: 4152333442898746}
  - component: {fileID: 114690277476676568}
  m_Layer: 0
  m_Name: ObjectsInTrash
  m_TagString: Trash
  m_Icon: {fileID: 0}
  m_NavMeshLayer: 0
  m_StaticEditorFlags: 0
  m_IsActive: 1
--- !u!1 &1857673323164966
GameObject:
  m_ObjectHideFlags: 0
  m_PrefabParentObject: {fileID: 0}
  m_PrefabInternal: {fileID: 100100000}
  serializedVersion: 5
  m_Component:
  - component: {fileID: 4799531752147874}
  - component: {fileID: 33572727378940516}
  - component: {fileID: 23218143208605596}
  - component: {fileID: 54509522961965232}
  - component: {fileID: 64116861568584816}
  m_Layer: 9
  m_Name: Trash_Apple
  m_TagString: Trash
  m_Icon: {fileID: 0}
  m_NavMeshLayer: 0
  m_StaticEditorFlags: 0
  m_IsActive: 1
--- !u!1 &1955395293962784
GameObject:
  m_ObjectHideFlags: 0
  m_PrefabParentObject: {fileID: 0}
  m_PrefabInternal: {fileID: 100100000}
  serializedVersion: 5
  m_Component:
  - component: {fileID: 4700890849640112}
  - component: {fileID: 33460409861452886}
  - component: {fileID: 23952469164020546}
  - component: {fileID: 64849945785009118}
  - component: {fileID: 54712554781260050}
  - component: {fileID: 114828933221796602}
  m_Layer: 9
  m_Name: Trash_Paper (5)
  m_TagString: Trash
  m_Icon: {fileID: 0}
  m_NavMeshLayer: 0
  m_StaticEditorFlags: 0
  m_IsActive: 1
--- !u!4 &4060957614908998
Transform:
  m_ObjectHideFlags: 1
  m_PrefabParentObject: {fileID: 0}
  m_PrefabInternal: {fileID: 100100000}
  m_GameObject: {fileID: 1504057532608332}
  m_LocalRotation: {x: -0.47262263, y: -0.52595425, z: 0.26483673, w: 0.65563834}
  m_LocalPosition: {x: 2.6861763, y: 7.0176945, z: -4.132477}
  m_LocalScale: {x: 1.2924696, y: 1.2924697, z: 1.29247}
  m_Children: []
  m_Father: {fileID: 4152333442898746}
  m_RootOrder: 3
  m_LocalEulerAnglesHint: {x: -19.947, y: -90.00001, z: 63.938004}
--- !u!4 &4152333442898746
Transform:
  m_ObjectHideFlags: 1
  m_PrefabParentObject: {fileID: 0}
  m_PrefabInternal: {fileID: 100100000}
  m_GameObject: {fileID: 1854168382126648}
  m_LocalRotation: {x: -0, y: 0.9995623, z: -0, w: -0.029585877}
  m_LocalPosition: {x: 47.907593, y: -5.6017103, z: 244.75797}
  m_LocalScale: {x: 1, y: 1, z: 1}
  m_Children:
  - {fileID: 4799531752147874}
  - {fileID: 4571303162302494}
  - {fileID: 4443847196331016}
  - {fileID: 4060957614908998}
  - {fileID: 4597473479198792}
  - {fileID: 4700890849640112}
  m_Father: {fileID: 0}
  m_RootOrder: 0
  m_LocalEulerAnglesHint: {x: 0, y: 0, z: 0}
--- !u!4 &4443847196331016
Transform:
  m_ObjectHideFlags: 1
  m_PrefabParentObject: {fileID: 0}
  m_PrefabInternal: {fileID: 100100000}
  m_GameObject: {fileID: 1609016938064110}
  m_LocalRotation: {x: -0.47262263, y: -0.52595425, z: 0.26483673, w: 0.65563834}
  m_LocalPosition: {x: 2.527176, y: 6.544695, z: -4.132477}
  m_LocalScale: {x: 1.2924696, y: 1.2924697, z: 1.29247}
  m_Children: []
  m_Father: {fileID: 4152333442898746}
  m_RootOrder: 2
  m_LocalEulerAnglesHint: {x: -19.947, y: -90.00001, z: 63.938004}
--- !u!4 &4571303162302494
Transform:
  m_ObjectHideFlags: 1
  m_PrefabParentObject: {fileID: 0}
  m_PrefabInternal: {fileID: 100100000}
  m_GameObject: {fileID: 1618947309454928}
  m_LocalRotation: {x: -0.47262263, y: -0.52595425, z: 0.26483673, w: 0.65563834}
  m_LocalPosition: {x: 2.527176, y: 6.544695, z: -4.5954895}
  m_LocalScale: {x: 1.2924696, y: 1.2924697, z: 1.29247}
  m_Children: []
  m_Father: {fileID: 4152333442898746}
  m_RootOrder: 1
  m_LocalEulerAnglesHint: {x: -19.947, y: -90.00001, z: 63.938004}
--- !u!4 &4597473479198792
Transform:
  m_ObjectHideFlags: 1
  m_PrefabParentObject: {fileID: 0}
  m_PrefabInternal: {fileID: 100100000}
  m_GameObject: {fileID: 1016798278386058}
  m_LocalRotation: {x: -0.47262263, y: -0.52595425, z: 0.26483673, w: 0.65563834}
  m_LocalPosition: {x: 2.5991745, y: 7.0176945, z: -4.498474}
  m_LocalScale: {x: 1.2924696, y: 1.2924697, z: 1.29247}
  m_Children: []
  m_Father: {fileID: 4152333442898746}
  m_RootOrder: 4
  m_LocalEulerAnglesHint: {x: -19.947, y: -90.00001, z: 63.938004}
--- !u!4 &4700890849640112
Transform:
  m_ObjectHideFlags: 1
  m_PrefabParentObject: {fileID: 0}
  m_PrefabInternal: {fileID: 100100000}
  m_GameObject: {fileID: 1955395293962784}
  m_LocalRotation: {x: -0.47262263, y: -0.52595425, z: 0.26483673, w: 0.65563834}
  m_LocalPosition: {x: 2.230175, y: 7.0176945, z: -4.2194824}
  m_LocalScale: {x: 1.2924696, y: 1.2924697, z: 1.29247}
  m_Children: []
  m_Father: {fileID: 4152333442898746}
  m_RootOrder: 5
  m_LocalEulerAnglesHint: {x: -19.947, y: -90.00001, z: 63.938004}
--- !u!4 &4799531752147874
Transform:
  m_ObjectHideFlags: 1
  m_PrefabParentObject: {fileID: 0}
  m_PrefabInternal: {fileID: 100100000}
  m_GameObject: {fileID: 1857673323164966}
  m_LocalRotation: {x: -0.08838107, y: 0.18638338, z: 0.88412887, w: 0.4192448}
  m_LocalPosition: {x: 3.1371727, y: 6.275695, z: -4.2984924}
  m_LocalScale: {x: 2.4358776, y: 2.435877, z: 2.435877}
  m_Children: []
  m_Father: {fileID: 4152333442898746}
  m_RootOrder: 0
  m_LocalEulerAnglesHint: {x: -23.808, y: 0, z: 129.26001}
--- !u!23 &23071282659909500
MeshRenderer:
  m_ObjectHideFlags: 1
  m_PrefabParentObject: {fileID: 0}
  m_PrefabInternal: {fileID: 100100000}
  m_GameObject: {fileID: 1609016938064110}
  m_Enabled: 1
  m_CastShadows: 1
  m_ReceiveShadows: 1
  m_DynamicOccludee: 1
  m_MotionVectors: 1
  m_LightProbeUsage: 1
  m_ReflectionProbeUsage: 1
  m_Materials:
  - {fileID: 2100000, guid: b4261ce0f5ea91748895c5c966160ce1, type: 3}
  m_StaticBatchInfo:
    firstSubMesh: 0
    subMeshCount: 0
  m_StaticBatchRoot: {fileID: 0}
  m_ProbeAnchor: {fileID: 0}
  m_LightProbeVolumeOverride: {fileID: 0}
  m_ScaleInLightmap: 1
  m_PreserveUVs: 0
  m_IgnoreNormalsForChartDetection: 0
  m_ImportantGI: 0
  m_StitchLightmapSeams: 0
  m_SelectedEditorRenderState: 3
  m_MinimumChartSize: 4
  m_AutoUVMaxDistance: 0.5
  m_AutoUVMaxAngle: 89
  m_LightmapParameters: {fileID: 0}
  m_SortingLayerID: 0
  m_SortingLayer: 0
  m_SortingOrder: 0
--- !u!23 &23217487722492322
MeshRenderer:
  m_ObjectHideFlags: 1
  m_PrefabParentObject: {fileID: 0}
  m_PrefabInternal: {fileID: 100100000}
  m_GameObject: {fileID: 1504057532608332}
  m_Enabled: 1
  m_CastShadows: 1
  m_ReceiveShadows: 1
  m_DynamicOccludee: 1
  m_MotionVectors: 1
  m_LightProbeUsage: 1
  m_ReflectionProbeUsage: 1
  m_Materials:
  - {fileID: 2100000, guid: b4261ce0f5ea91748895c5c966160ce1, type: 3}
  m_StaticBatchInfo:
    firstSubMesh: 0
    subMeshCount: 0
  m_StaticBatchRoot: {fileID: 0}
  m_ProbeAnchor: {fileID: 0}
  m_LightProbeVolumeOverride: {fileID: 0}
  m_ScaleInLightmap: 1
  m_PreserveUVs: 0
  m_IgnoreNormalsForChartDetection: 0
  m_ImportantGI: 0
  m_StitchLightmapSeams: 0
  m_SelectedEditorRenderState: 3
  m_MinimumChartSize: 4
  m_AutoUVMaxDistance: 0.5
  m_AutoUVMaxAngle: 89
  m_LightmapParameters: {fileID: 0}
  m_SortingLayerID: 0
  m_SortingLayer: 0
  m_SortingOrder: 0
--- !u!23 &23218143208605596
MeshRenderer:
  m_ObjectHideFlags: 1
  m_PrefabParentObject: {fileID: 0}
  m_PrefabInternal: {fileID: 100100000}
  m_GameObject: {fileID: 1857673323164966}
  m_Enabled: 1
  m_CastShadows: 1
  m_ReceiveShadows: 1
  m_DynamicOccludee: 1
  m_MotionVectors: 1
  m_LightProbeUsage: 1
  m_ReflectionProbeUsage: 1
  m_Materials:
  - {fileID: 2100000, guid: 9e5057e9240f2024aab39ad80a31a3ba, type: 3}
  - {fileID: 2100002, guid: 9e5057e9240f2024aab39ad80a31a3ba, type: 3}
  - {fileID: 2100004, guid: 9e5057e9240f2024aab39ad80a31a3ba, type: 3}
  - {fileID: 2100006, guid: 9e5057e9240f2024aab39ad80a31a3ba, type: 3}
  m_StaticBatchInfo:
    firstSubMesh: 0
    subMeshCount: 0
  m_StaticBatchRoot: {fileID: 0}
  m_ProbeAnchor: {fileID: 0}
  m_LightProbeVolumeOverride: {fileID: 0}
  m_ScaleInLightmap: 1
  m_PreserveUVs: 0
  m_IgnoreNormalsForChartDetection: 0
  m_ImportantGI: 0
  m_StitchLightmapSeams: 0
  m_SelectedEditorRenderState: 3
  m_MinimumChartSize: 4
  m_AutoUVMaxDistance: 0.5
  m_AutoUVMaxAngle: 89
  m_LightmapParameters: {fileID: 0}
  m_SortingLayerID: 0
  m_SortingLayer: 0
  m_SortingOrder: 0
--- !u!23 &23554046438586370
MeshRenderer:
  m_ObjectHideFlags: 1
  m_PrefabParentObject: {fileID: 0}
  m_PrefabInternal: {fileID: 100100000}
  m_GameObject: {fileID: 1618947309454928}
  m_Enabled: 1
  m_CastShadows: 1
  m_ReceiveShadows: 1
  m_DynamicOccludee: 1
  m_MotionVectors: 1
  m_LightProbeUsage: 1
  m_ReflectionProbeUsage: 1
  m_Materials:
  - {fileID: 2100000, guid: b4261ce0f5ea91748895c5c966160ce1, type: 3}
  m_StaticBatchInfo:
    firstSubMesh: 0
    subMeshCount: 0
  m_StaticBatchRoot: {fileID: 0}
  m_ProbeAnchor: {fileID: 0}
  m_LightProbeVolumeOverride: {fileID: 0}
  m_ScaleInLightmap: 1
  m_PreserveUVs: 0
  m_IgnoreNormalsForChartDetection: 0
  m_ImportantGI: 0
  m_StitchLightmapSeams: 0
  m_SelectedEditorRenderState: 3
  m_MinimumChartSize: 4
  m_AutoUVMaxDistance: 0.5
  m_AutoUVMaxAngle: 89
  m_LightmapParameters: {fileID: 0}
  m_SortingLayerID: 0
  m_SortingLayer: 0
  m_SortingOrder: 0
--- !u!23 &23652527823203866
MeshRenderer:
  m_ObjectHideFlags: 1
  m_PrefabParentObject: {fileID: 0}
  m_PrefabInternal: {fileID: 100100000}
  m_GameObject: {fileID: 1016798278386058}
  m_Enabled: 1
  m_CastShadows: 1
  m_ReceiveShadows: 1
  m_DynamicOccludee: 1
  m_MotionVectors: 1
  m_LightProbeUsage: 1
  m_ReflectionProbeUsage: 1
  m_Materials:
  - {fileID: 2100000, guid: b4261ce0f5ea91748895c5c966160ce1, type: 3}
  m_StaticBatchInfo:
    firstSubMesh: 0
    subMeshCount: 0
  m_StaticBatchRoot: {fileID: 0}
  m_ProbeAnchor: {fileID: 0}
  m_LightProbeVolumeOverride: {fileID: 0}
  m_ScaleInLightmap: 1
  m_PreserveUVs: 0
  m_IgnoreNormalsForChartDetection: 0
  m_ImportantGI: 0
  m_StitchLightmapSeams: 0
  m_SelectedEditorRenderState: 3
  m_MinimumChartSize: 4
  m_AutoUVMaxDistance: 0.5
  m_AutoUVMaxAngle: 89
  m_LightmapParameters: {fileID: 0}
  m_SortingLayerID: 0
  m_SortingLayer: 0
  m_SortingOrder: 0
--- !u!23 &23952469164020546
MeshRenderer:
  m_ObjectHideFlags: 1
  m_PrefabParentObject: {fileID: 0}
  m_PrefabInternal: {fileID: 100100000}
  m_GameObject: {fileID: 1955395293962784}
  m_Enabled: 1
  m_CastShadows: 1
  m_ReceiveShadows: 1
  m_DynamicOccludee: 1
  m_MotionVectors: 1
  m_LightProbeUsage: 1
  m_ReflectionProbeUsage: 1
  m_Materials:
  - {fileID: 2100000, guid: b4261ce0f5ea91748895c5c966160ce1, type: 3}
  m_StaticBatchInfo:
    firstSubMesh: 0
    subMeshCount: 0
  m_StaticBatchRoot: {fileID: 0}
  m_ProbeAnchor: {fileID: 0}
  m_LightProbeVolumeOverride: {fileID: 0}
  m_ScaleInLightmap: 1
  m_PreserveUVs: 0
  m_IgnoreNormalsForChartDetection: 0
  m_ImportantGI: 0
  m_StitchLightmapSeams: 0
  m_SelectedEditorRenderState: 3
  m_MinimumChartSize: 4
  m_AutoUVMaxDistance: 0.5
  m_AutoUVMaxAngle: 89
  m_LightmapParameters: {fileID: 0}
  m_SortingLayerID: 0
  m_SortingLayer: 0
  m_SortingOrder: 0
--- !u!33 &33224059187714440
MeshFilter:
  m_ObjectHideFlags: 1
  m_PrefabParentObject: {fileID: 0}
  m_PrefabInternal: {fileID: 100100000}
  m_GameObject: {fileID: 1504057532608332}
  m_Mesh: {fileID: 4300000, guid: b4261ce0f5ea91748895c5c966160ce1, type: 3}
--- !u!33 &33460409861452886
MeshFilter:
  m_ObjectHideFlags: 1
  m_PrefabParentObject: {fileID: 0}
  m_PrefabInternal: {fileID: 100100000}
  m_GameObject: {fileID: 1955395293962784}
  m_Mesh: {fileID: 4300000, guid: b4261ce0f5ea91748895c5c966160ce1, type: 3}
--- !u!33 &33488534993857032
MeshFilter:
  m_ObjectHideFlags: 1
  m_PrefabParentObject: {fileID: 0}
  m_PrefabInternal: {fileID: 100100000}
  m_GameObject: {fileID: 1016798278386058}
  m_Mesh: {fileID: 4300000, guid: b4261ce0f5ea91748895c5c966160ce1, type: 3}
--- !u!33 &33572727378940516
MeshFilter:
  m_ObjectHideFlags: 1
  m_PrefabParentObject: {fileID: 0}
  m_PrefabInternal: {fileID: 100100000}
  m_GameObject: {fileID: 1857673323164966}
  m_Mesh: {fileID: 4300000, guid: 9e5057e9240f2024aab39ad80a31a3ba, type: 3}
--- !u!33 &33982838567966118
MeshFilter:
  m_ObjectHideFlags: 1
  m_PrefabParentObject: {fileID: 0}
  m_PrefabInternal: {fileID: 100100000}
  m_GameObject: {fileID: 1618947309454928}
  m_Mesh: {fileID: 4300000, guid: b4261ce0f5ea91748895c5c966160ce1, type: 3}
--- !u!33 &33988794428251796
MeshFilter:
  m_ObjectHideFlags: 1
  m_PrefabParentObject: {fileID: 0}
  m_PrefabInternal: {fileID: 100100000}
  m_GameObject: {fileID: 1609016938064110}
  m_Mesh: {fileID: 4300000, guid: b4261ce0f5ea91748895c5c966160ce1, type: 3}
--- !u!54 &54100927471839974
Rigidbody:
  m_ObjectHideFlags: 1
  m_PrefabParentObject: {fileID: 0}
  m_PrefabInternal: {fileID: 100100000}
  m_GameObject: {fileID: 1609016938064110}
  serializedVersion: 2
  m_Mass: 0.01
  m_Drag: 0
  m_AngularDrag: 0.05
  m_UseGravity: 1
  m_IsKinematic: 0
  m_Interpolate: 0
  m_Constraints: 0
  m_CollisionDetection: 0
--- !u!54 &54362028326090374
Rigidbody:
  m_ObjectHideFlags: 1
  m_PrefabParentObject: {fileID: 0}
  m_PrefabInternal: {fileID: 100100000}
  m_GameObject: {fileID: 1618947309454928}
  serializedVersion: 2
  m_Mass: 0.01
  m_Drag: 0
  m_AngularDrag: 0.05
  m_UseGravity: 1
  m_IsKinematic: 0
  m_Interpolate: 0
  m_Constraints: 0
  m_CollisionDetection: 0
--- !u!54 &54400273293585036
Rigidbody:
  m_ObjectHideFlags: 1
  m_PrefabParentObject: {fileID: 0}
  m_PrefabInternal: {fileID: 100100000}
  m_GameObject: {fileID: 1016798278386058}
  serializedVersion: 2
  m_Mass: 0.01
  m_Drag: 0
  m_AngularDrag: 0.05
  m_UseGravity: 1
  m_IsKinematic: 0
  m_Interpolate: 0
  m_Constraints: 0
  m_CollisionDetection: 0
--- !u!54 &54509522961965232
Rigidbody:
  m_ObjectHideFlags: 1
  m_PrefabParentObject: {fileID: 0}
  m_PrefabInternal: {fileID: 100100000}
  m_GameObject: {fileID: 1857673323164966}
  serializedVersion: 2
  m_Mass: 0.01
  m_Drag: 0
  m_AngularDrag: 0.05
  m_UseGravity: 1
  m_IsKinematic: 0
  m_Interpolate: 0
  m_Constraints: 0
  m_CollisionDetection: 0
--- !u!54 &54712554781260050
Rigidbody:
  m_ObjectHideFlags: 1
  m_PrefabParentObject: {fileID: 0}
  m_PrefabInternal: {fileID: 100100000}
  m_GameObject: {fileID: 1955395293962784}
  serializedVersion: 2
  m_Mass: 0.01
  m_Drag: 0
  m_AngularDrag: 0.05
  m_UseGravity: 1
  m_IsKinematic: 0
  m_Interpolate: 0
  m_Constraints: 0
  m_CollisionDetection: 0
--- !u!54 &54838351371725540
Rigidbody:
  m_ObjectHideFlags: 1
  m_PrefabParentObject: {fileID: 0}
  m_PrefabInternal: {fileID: 100100000}
  m_GameObject: {fileID: 1504057532608332}
  serializedVersion: 2
  m_Mass: 0.01
  m_Drag: 0
  m_AngularDrag: 0.05
  m_UseGravity: 1
  m_IsKinematic: 0
  m_Interpolate: 0
  m_Constraints: 0
  m_CollisionDetection: 0
--- !u!64 &64006624140338562
MeshCollider:
  m_ObjectHideFlags: 1
  m_PrefabParentObject: {fileID: 0}
  m_PrefabInternal: {fileID: 100100000}
  m_GameObject: {fileID: 1618947309454928}
  m_Material: {fileID: 0}
  m_IsTrigger: 0
  m_Enabled: 1
  serializedVersion: 3
  m_Convex: 1
  m_CookingOptions: 14
  m_SkinWidth: 0.01
  m_Mesh: {fileID: 4300000, guid: b4261ce0f5ea91748895c5c966160ce1, type: 3}
--- !u!64 &64116861568584816
MeshCollider:
  m_ObjectHideFlags: 1
  m_PrefabParentObject: {fileID: 0}
  m_PrefabInternal: {fileID: 100100000}
  m_GameObject: {fileID: 1857673323164966}
  m_Material: {fileID: 0}
  m_IsTrigger: 0
  m_Enabled: 1
  serializedVersion: 3
  m_Convex: 1
  m_CookingOptions: 14
  m_SkinWidth: 0.01
  m_Mesh: {fileID: 4300000, guid: 9e5057e9240f2024aab39ad80a31a3ba, type: 3}
--- !u!64 &64548349736564980
MeshCollider:
  m_ObjectHideFlags: 1
  m_PrefabParentObject: {fileID: 0}
  m_PrefabInternal: {fileID: 100100000}
  m_GameObject: {fileID: 1609016938064110}
  m_Material: {fileID: 0}
  m_IsTrigger: 0
  m_Enabled: 1
  serializedVersion: 3
  m_Convex: 1
  m_CookingOptions: 14
  m_SkinWidth: 0.01
  m_Mesh: {fileID: 4300000, guid: b4261ce0f5ea91748895c5c966160ce1, type: 3}
--- !u!64 &64849945785009118
MeshCollider:
  m_ObjectHideFlags: 1
  m_PrefabParentObject: {fileID: 0}
  m_PrefabInternal: {fileID: 100100000}
  m_GameObject: {fileID: 1955395293962784}
  m_Material: {fileID: 0}
  m_IsTrigger: 0
  m_Enabled: 1
  serializedVersion: 3
  m_Convex: 1
  m_CookingOptions: 14
  m_SkinWidth: 0.01
  m_Mesh: {fileID: 4300000, guid: b4261ce0f5ea91748895c5c966160ce1, type: 3}
--- !u!64 &64898753017049944
MeshCollider:
  m_ObjectHideFlags: 1
  m_PrefabParentObject: {fileID: 0}
  m_PrefabInternal: {fileID: 100100000}
  m_GameObject: {fileID: 1504057532608332}
  m_Material: {fileID: 0}
  m_IsTrigger: 0
  m_Enabled: 1
  serializedVersion: 3
  m_Convex: 1
  m_CookingOptions: 14
  m_SkinWidth: 0.01
  m_Mesh: {fileID: 4300000, guid: b4261ce0f5ea91748895c5c966160ce1, type: 3}
--- !u!64 &64997252829548948
MeshCollider:
  m_ObjectHideFlags: 1
  m_PrefabParentObject: {fileID: 0}
  m_PrefabInternal: {fileID: 100100000}
  m_GameObject: {fileID: 1016798278386058}
  m_Material: {fileID: 0}
  m_IsTrigger: 0
  m_Enabled: 1
  serializedVersion: 3
  m_Convex: 1
  m_CookingOptions: 14
  m_SkinWidth: 0.01
  m_Mesh: {fileID: 4300000, guid: b4261ce0f5ea91748895c5c966160ce1, type: 3}
--- !u!114 &114206402226995156
MonoBehaviour:
  m_ObjectHideFlags: 1
  m_PrefabParentObject: {fileID: 0}
  m_PrefabInternal: {fileID: 100100000}
  m_GameObject: {fileID: 1504057532608332}
  m_Enabled: 1
  m_EditorHideFlags: 0
  m_Script: {fileID: 11500000, guid: 77d90ec1a2201ac40bc45eb3a0dd12e9, type: 3}
  m_Name: 
  m_EditorClassIdentifier: 
  InitialPosition: {x: 0, y: 0, z: 0}
  InitialRotation: {x: 0, y: 0, z: 0, w: 1}
  Rigidbody: {fileID: 0}
--- !u!114 &114427720722925670
MonoBehaviour:
  m_ObjectHideFlags: 1
  m_PrefabParentObject: {fileID: 0}
  m_PrefabInternal: {fileID: 100100000}
  m_GameObject: {fileID: 1618947309454928}
  m_Enabled: 1
  m_EditorHideFlags: 0
  m_Script: {fileID: 11500000, guid: 77d90ec1a2201ac40bc45eb3a0dd12e9, type: 3}
  m_Name: 
  m_EditorClassIdentifier: 
  InitialPosition: {x: 0, y: 0, z: 0}
  InitialRotation: {x: 0, y: 0, z: 0, w: 1}
  Rigidbody: {fileID: 0}
--- !u!114 &114690277476676568
MonoBehaviour:
  m_ObjectHideFlags: 1
  m_PrefabParentObject: {fileID: 0}
  m_PrefabInternal: {fileID: 100100000}
  m_GameObject: {fileID: 1854168382126648}
  m_Enabled: 1
  m_EditorHideFlags: 0
  m_Script: {fileID: 11500000, guid: 77d90ec1a2201ac40bc45eb3a0dd12e9, type: 3}
  m_Name: 
  m_EditorClassIdentifier: 
  InitialPosition: {x: 0, y: 0, z: 0}
  InitialRotation: {x: 0, y: 0, z: 0, w: 1}
  Rigidbody: {fileID: 0}
--- !u!114 &114795359100205880
MonoBehaviour:
  m_ObjectHideFlags: 1
  m_PrefabParentObject: {fileID: 0}
  m_PrefabInternal: {fileID: 100100000}
  m_GameObject: {fileID: 1016798278386058}
  m_Enabled: 1
  m_EditorHideFlags: 0
  m_Script: {fileID: 11500000, guid: 77d90ec1a2201ac40bc45eb3a0dd12e9, type: 3}
  m_Name: 
  m_EditorClassIdentifier: 
  InitialPosition: {x: 0, y: 0, z: 0}
  InitialRotation: {x: 0, y: 0, z: 0, w: 1}
  Rigidbody: {fileID: 0}
--- !u!114 &114828933221796602
MonoBehaviour:
  m_ObjectHideFlags: 1
  m_PrefabParentObject: {fileID: 0}
  m_PrefabInternal: {fileID: 100100000}
  m_GameObject: {fileID: 1955395293962784}
  m_Enabled: 1
  m_EditorHideFlags: 0
  m_Script: {fileID: 11500000, guid: 77d90ec1a2201ac40bc45eb3a0dd12e9, type: 3}
  m_Name: 
  m_EditorClassIdentifier: 
  InitialPosition: {x: 0, y: 0, z: 0}
  InitialRotation: {x: 0, y: 0, z: 0, w: 1}
  Rigidbody: {fileID: 0}
--- !u!114 &114866770480369462
MonoBehaviour:
  m_ObjectHideFlags: 1
  m_PrefabParentObject: {fileID: 0}
  m_PrefabInternal: {fileID: 100100000}
  m_GameObject: {fileID: 1609016938064110}
  m_Enabled: 1
  m_EditorHideFlags: 0
  m_Script: {fileID: 11500000, guid: 77d90ec1a2201ac40bc45eb3a0dd12e9, type: 3}
  m_Name: 
  m_EditorClassIdentifier: 
  InitialPosition: {x: 0, y: 0, z: 0}
  InitialRotation: {x: 0, y: 0, z: 0, w: 1}
  Rigidbody: {fileID: 0}
