%YAML 1.1
%TAG !u! tag:unity3d.com,2011:
--- !u!1001 &100100000
Prefab:
  m_ObjectHideFlags: 1
  serializedVersion: 2
  m_Modification:
    m_TransformParent: {fileID: 0}
    m_Modifications: []
    m_RemovedComponents: []
  m_ParentPrefab: {fileID: 0}
  m_RootGameObject: {fileID: 1206891261634214}
  m_IsPrefabParent: 1
--- !u!1 &1013166844631902
GameObject:
  m_ObjectHideFlags: 0
  m_PrefabParentObject: {fileID: 0}
  m_PrefabInternal: {fileID: 100100000}
  serializedVersion: 5
  m_Component:
  - component: {fileID: 4986735441149084}
  - component: {fileID: 33962412394527438}
  - component: {fileID: 23127528101336914}
  - component: {fileID: 54062364949882688}
  - component: {fileID: 64281113163479090}
  - component: {fileID: 114249176367220490}
  m_Layer: 9
  m_Name: Recycle_Can (9)
  m_TagString: Trash
  m_Icon: {fileID: 0}
  m_NavMeshLayer: 0
  m_StaticEditorFlags: 0
  m_IsActive: 1
--- !u!1 &1115144031451808
GameObject:
  m_ObjectHideFlags: 0
  m_PrefabParentObject: {fileID: 0}
  m_PrefabInternal: {fileID: 100100000}
  serializedVersion: 5
  m_Component:
  - component: {fileID: 4339276437147856}
  - component: {fileID: 33572193647770370}
  - component: {fileID: 23042143870957766}
  - component: {fileID: 54408211708605956}
  - component: {fileID: 64740924303019036}
  - component: {fileID: 114891933837711870}
  m_Layer: 9
  m_Name: Recycle_Can (8)
  m_TagString: Trash
  m_Icon: {fileID: 0}
  m_NavMeshLayer: 0
  m_StaticEditorFlags: 0
  m_IsActive: 1
--- !u!1 &1186297158001678
GameObject:
  m_ObjectHideFlags: 0
  m_PrefabParentObject: {fileID: 0}
  m_PrefabInternal: {fileID: 100100000}
  serializedVersion: 5
  m_Component:
  - component: {fileID: 4226580155857722}
  - component: {fileID: 33748146056442446}
  - component: {fileID: 23597027394281898}
  - component: {fileID: 54652625912332574}
  - component: {fileID: 64258545391255024}
  - component: {fileID: 114852837559738468}
  m_Layer: 9
  m_Name: Recycle_Can (2)
  m_TagString: Trash
  m_Icon: {fileID: 0}
  m_NavMeshLayer: 0
  m_StaticEditorFlags: 0
  m_IsActive: 1
--- !u!1 &1206891261634214
GameObject:
  m_ObjectHideFlags: 0
  m_PrefabParentObject: {fileID: 0}
  m_PrefabInternal: {fileID: 100100000}
  serializedVersion: 5
  m_Component:
  - component: {fileID: 4141605998294236}
  - component: {fileID: 114969172494729100}
  m_Layer: 9
  m_Name: RecycleCans 1
  m_TagString: Trash
  m_Icon: {fileID: 0}
  m_NavMeshLayer: 0
  m_StaticEditorFlags: 0
  m_IsActive: 1
--- !u!1 &1383394691239206
GameObject:
  m_ObjectHideFlags: 0
  m_PrefabParentObject: {fileID: 0}
  m_PrefabInternal: {fileID: 100100000}
  serializedVersion: 5
  m_Component:
  - component: {fileID: 4116756622468634}
  - component: {fileID: 33389511336615680}
  - component: {fileID: 23765850505946122}
  - component: {fileID: 54070522222728834}
  - component: {fileID: 64700079056492162}
  - component: {fileID: 114319662385238362}
  m_Layer: 9
  m_Name: Recycle_Can (4)
  m_TagString: Trash
  m_Icon: {fileID: 0}
  m_NavMeshLayer: 0
  m_StaticEditorFlags: 0
  m_IsActive: 1
--- !u!1 &1460721832924872
GameObject:
  m_ObjectHideFlags: 0
  m_PrefabParentObject: {fileID: 0}
  m_PrefabInternal: {fileID: 100100000}
  serializedVersion: 5
  m_Component:
  - component: {fileID: 4587728338932912}
  - component: {fileID: 33574706582706074}
  - component: {fileID: 23357053178745984}
  - component: {fileID: 54466717013477096}
  - component: {fileID: 64584488035800280}
  - component: {fileID: 114261399231301160}
  m_Layer: 9
  m_Name: Recycle_Can (1)
  m_TagString: Trash
  m_Icon: {fileID: 0}
  m_NavMeshLayer: 0
  m_StaticEditorFlags: 0
  m_IsActive: 1
--- !u!1 &1500935380104016
GameObject:
  m_ObjectHideFlags: 0
  m_PrefabParentObject: {fileID: 0}
  m_PrefabInternal: {fileID: 100100000}
  serializedVersion: 5
  m_Component:
  - component: {fileID: 4653729967566088}
  - component: {fileID: 33264787218280784}
  - component: {fileID: 23362917862697474}
  - component: {fileID: 54443644288326754}
  - component: {fileID: 64972049766255050}
  - component: {fileID: 114896443049433550}
  m_Layer: 9
  m_Name: Recycle_Can (6)
  m_TagString: Trash
  m_Icon: {fileID: 0}
  m_NavMeshLayer: 0
  m_StaticEditorFlags: 0
  m_IsActive: 1
--- !u!1 &1607573038826114
GameObject:
  m_ObjectHideFlags: 0
  m_PrefabParentObject: {fileID: 0}
  m_PrefabInternal: {fileID: 100100000}
  serializedVersion: 5
  m_Component:
  - component: {fileID: 4817885637372086}
  - component: {fileID: 33621918413284392}
  - component: {fileID: 23533638959698862}
  - component: {fileID: 54237413706697188}
  - component: {fileID: 64446347542977456}
  - component: {fileID: 114985692368296186}
  m_Layer: 9
  m_Name: Recycle_Can
  m_TagString: Trash
  m_Icon: {fileID: 0}
  m_NavMeshLayer: 0
  m_StaticEditorFlags: 0
  m_IsActive: 1
--- !u!1 &1617399983434426
GameObject:
  m_ObjectHideFlags: 0
  m_PrefabParentObject: {fileID: 0}
  m_PrefabInternal: {fileID: 100100000}
  serializedVersion: 5
  m_Component:
  - component: {fileID: 4866276865332794}
  - component: {fileID: 33180469681756860}
  - component: {fileID: 23674145548064268}
  - component: {fileID: 54558358593757420}
  - component: {fileID: 64237460867187018}
  - component: {fileID: 114691052989853644}
  m_Layer: 9
  m_Name: Recycle_Can (7)
  m_TagString: Trash
  m_Icon: {fileID: 0}
  m_NavMeshLayer: 0
  m_StaticEditorFlags: 0
  m_IsActive: 1
--- !u!1 &1706723459624988
GameObject:
  m_ObjectHideFlags: 0
  m_PrefabParentObject: {fileID: 0}
  m_PrefabInternal: {fileID: 100100000}
  serializedVersion: 5
  m_Component:
  - component: {fileID: 4085685477785052}
  - component: {fileID: 33309736419710694}
  - component: {fileID: 23969194106550540}
  - component: {fileID: 54696750028051058}
  - component: {fileID: 64924674322332692}
  - component: {fileID: 114246429387545082}
  m_Layer: 9
  m_Name: Recycle_Can (3)
  m_TagString: Trash
  m_Icon: {fileID: 0}
  m_NavMeshLayer: 0
  m_StaticEditorFlags: 0
  m_IsActive: 1
--- !u!1 &1851576057237518
GameObject:
  m_ObjectHideFlags: 0
  m_PrefabParentObject: {fileID: 0}
  m_PrefabInternal: {fileID: 100100000}
  serializedVersion: 5
  m_Component:
  - component: {fileID: 4137245221879994}
  - component: {fileID: 33687751093455612}
  - component: {fileID: 23921742472772420}
  - component: {fileID: 54153305066330816}
  - component: {fileID: 64158176173997372}
  - component: {fileID: 114085360755270916}
  m_Layer: 9
  m_Name: Recycle_Can (5)
  m_TagString: Trash
  m_Icon: {fileID: 0}
  m_NavMeshLayer: 0
  m_StaticEditorFlags: 0
  m_IsActive: 1
--- !u!4 &4085685477785052
Transform:
  m_ObjectHideFlags: 1
  m_PrefabParentObject: {fileID: 0}
  m_PrefabInternal: {fileID: 100100000}
  m_GameObject: {fileID: 1706723459624988}
  m_LocalRotation: {x: -0.43677637, y: -0.48364583, z: 0.5697561, w: 0.5006907}
  m_LocalPosition: {x: -2.356945, y: 1.2062814, z: 1.1587524}
  m_LocalScale: {x: 1.3992572, y: 1.3992567, z: 1.3992572}
  m_Children: []
  m_Father: {fileID: 4141605998294236}
  m_RootOrder: 3
  m_LocalEulerAnglesHint: {x: 6.531, y: -81.28001, z: 91.776}
--- !u!4 &4116756622468634
Transform:
  m_ObjectHideFlags: 1
  m_PrefabParentObject: {fileID: 0}
  m_PrefabInternal: {fileID: 100100000}
  m_GameObject: {fileID: 1383394691239206}
  m_LocalRotation: {x: -0.70309794, y: -0.6933522, z: 0.14508256, w: 0.062185895}
  m_LocalPosition: {x: -3.275938, y: 1.6622813, z: 1.0557556}
  m_LocalScale: {x: 1.399257, y: 1.3992572, z: 1.3992572}
  m_Children: []
  m_Father: {fileID: 4141605998294236}
  m_RootOrder: 4
  m_LocalEulerAnglesHint: {x: 6.531, y: -163.014, z: 91.776}
--- !u!4 &4137245221879994
Transform:
  m_ObjectHideFlags: 1
  m_PrefabParentObject: {fileID: 0}
  m_PrefabInternal: {fileID: 100100000}
  m_GameObject: {fileID: 1851576057237518}
  m_LocalRotation: {x: -0.43677637, y: -0.48364583, z: 0.5697561, w: 0.5006907}
  m_LocalPosition: {x: -2.410942, y: 1.6112814, z: 1.1856384}
  m_LocalScale: {x: 1.3992572, y: 1.3992567, z: 1.3992572}
  m_Children: []
  m_Father: {fileID: 4141605998294236}
  m_RootOrder: 5
  m_LocalEulerAnglesHint: {x: 6.531, y: -81.28001, z: 91.776}
--- !u!4 &4141605998294236
Transform:
  m_ObjectHideFlags: 1
  m_PrefabParentObject: {fileID: 0}
  m_PrefabInternal: {fileID: 100100000}
  m_GameObject: {fileID: 1206891261634214}
  m_LocalRotation: {x: -0, y: -0, z: -0, w: 1}
  m_LocalPosition: {x: 34.573204, y: 2.2337182, z: 273.13724}
  m_LocalScale: {x: 1, y: 1, z: 1}
  m_Children:
  - {fileID: 4817885637372086}
  - {fileID: 4587728338932912}
  - {fileID: 4226580155857722}
  - {fileID: 4085685477785052}
  - {fileID: 4116756622468634}
  - {fileID: 4137245221879994}
  - {fileID: 4653729967566088}
  - {fileID: 4866276865332794}
  - {fileID: 4339276437147856}
  - {fileID: 4986735441149084}
  m_Father: {fileID: 0}
  m_RootOrder: 0
  m_LocalEulerAnglesHint: {x: 0, y: 0, z: 0}
--- !u!4 &4226580155857722
Transform:
  m_ObjectHideFlags: 1
  m_PrefabParentObject: {fileID: 0}
  m_PrefabInternal: {fileID: 100100000}
  m_GameObject: {fileID: 1186297158001678}
  m_LocalRotation: {x: -0.43677637, y: -0.48364583, z: 0.5697561, w: 0.5006907}
  m_LocalPosition: {x: -3.181944, y: 1.3672814, z: 1.1856384}
  m_LocalScale: {x: 1.3992572, y: 1.3992567, z: 1.3992572}
  m_Children: []
  m_Father: {fileID: 4141605998294236}
  m_RootOrder: 2
  m_LocalEulerAnglesHint: {x: 6.531, y: -81.28001, z: 91.776}
--- !u!4 &4339276437147856
Transform:
  m_ObjectHideFlags: 1
  m_PrefabParentObject: {fileID: 0}
  m_PrefabInternal: {fileID: 100100000}
  m_GameObject: {fileID: 1115144031451808}
  m_LocalRotation: {x: -0.43677637, y: -0.48364583, z: 0.5697561, w: 0.5006907}
  m_LocalPosition: {x: -2.6909447, y: 1.6112814, z: 0.8947754}
  m_LocalScale: {x: 1.3992572, y: 1.3992567, z: 1.3992572}
  m_Children: []
  m_Father: {fileID: 4141605998294236}
  m_RootOrder: 8
  m_LocalEulerAnglesHint: {x: 6.531, y: -81.28001, z: 91.776}
--- !u!4 &4587728338932912
Transform:
  m_ObjectHideFlags: 1
  m_PrefabParentObject: {fileID: 0}
  m_PrefabInternal: {fileID: 100100000}
  m_GameObject: {fileID: 1460721832924872}
  m_LocalRotation: {x: -0.43677637, y: -0.48364583, z: 0.5697561, w: 0.5006907}
  m_LocalPosition: {x: -3.1479435, y: 1.3672814, z: 0.7866516}
  m_LocalScale: {x: 1.3992572, y: 1.3992567, z: 1.3992572}
  m_Children: []
  m_Father: {fileID: 4141605998294236}
  m_RootOrder: 1
  m_LocalEulerAnglesHint: {x: 6.531, y: -81.28001, z: 91.776}
--- !u!4 &4653729967566088
Transform:
  m_ObjectHideFlags: 1
  m_PrefabParentObject: {fileID: 0}
  m_PrefabInternal: {fileID: 100100000}
  m_GameObject: {fileID: 1500935380104016}
  m_LocalRotation: {x: -0.43677637, y: -0.48364583, z: 0.5697561, w: 0.5006907}
  m_LocalPosition: {x: -2.306942, y: 1.2862813, z: 0.7937622}
  m_LocalScale: {x: 1.3992572, y: 1.3992567, z: 1.3992572}
  m_Children: []
  m_Father: {fileID: 4141605998294236}
  m_RootOrder: 6
  m_LocalEulerAnglesHint: {x: 6.531, y: -81.28001, z: 91.776}
--- !u!4 &4817885637372086
Transform:
  m_ObjectHideFlags: 1
  m_PrefabParentObject: {fileID: 0}
  m_PrefabInternal: {fileID: 100100000}
  m_GameObject: {fileID: 1607573038826114}
  m_LocalRotation: {x: -0.43677637, y: -0.48364583, z: 0.5697561, w: 0.5006907}
  m_LocalPosition: {x: -2.7423954, y: 1.3672814, z: 1.073761}
  m_LocalScale: {x: 1.3992572, y: 1.3992567, z: 1.3992572}
  m_Children: []
  m_Father: {fileID: 4141605998294236}
  m_RootOrder: 0
  m_LocalEulerAnglesHint: {x: 6.531, y: -81.28001, z: 91.776}
--- !u!4 &4866276865332794
Transform:
  m_ObjectHideFlags: 1
  m_PrefabParentObject: {fileID: 0}
  m_PrefabInternal: {fileID: 100100000}
  m_GameObject: {fileID: 1617399983434426}
  m_LocalRotation: {x: -0.43677637, y: -0.48364583, z: 0.5697561, w: 0.5006907}
  m_LocalPosition: {x: -2.71249, y: 1.3702815, z: 0.7866516}
  m_LocalScale: {x: 1.3992572, y: 1.3992567, z: 1.3992572}
  m_Children: []
  m_Father: {fileID: 4141605998294236}
  m_RootOrder: 7
  m_LocalEulerAnglesHint: {x: 6.531, y: -81.28001, z: 91.776}
--- !u!4 &4986735441149084
Transform:
  m_ObjectHideFlags: 1
  m_PrefabParentObject: {fileID: 0}
  m_PrefabInternal: {fileID: 100100000}
  m_GameObject: {fileID: 1013166844631902}
  m_LocalRotation: {x: -0.70309794, y: -0.6933522, z: 0.14508256, w: 0.062185895}
  m_LocalPosition: {x: -2.877943, y: 1.6622813, z: 1.3937683}
  m_LocalScale: {x: 1.399257, y: 1.3992572, z: 1.3992572}
  m_Children: []
  m_Father: {fileID: 4141605998294236}
  m_RootOrder: 9
  m_LocalEulerAnglesHint: {x: 6.531, y: -163.014, z: 91.776}
--- !u!23 &23042143870957766
MeshRenderer:
  m_ObjectHideFlags: 1
  m_PrefabParentObject: {fileID: 0}
  m_PrefabInternal: {fileID: 100100000}
  m_GameObject: {fileID: 1115144031451808}
  m_Enabled: 1
  m_CastShadows: 1
  m_ReceiveShadows: 1
  m_DynamicOccludee: 1
  m_MotionVectors: 1
  m_LightProbeUsage: 1
  m_ReflectionProbeUsage: 1
  m_Materials:
  - {fileID: 2100000, guid: c6405a62db4519744a9f640044cb0127, type: 3}
  m_StaticBatchInfo:
    firstSubMesh: 0
    subMeshCount: 0
  m_StaticBatchRoot: {fileID: 0}
  m_ProbeAnchor: {fileID: 0}
  m_LightProbeVolumeOverride: {fileID: 0}
  m_ScaleInLightmap: 1
  m_PreserveUVs: 0
  m_IgnoreNormalsForChartDetection: 0
  m_ImportantGI: 0
  m_StitchLightmapSeams: 0
  m_SelectedEditorRenderState: 3
  m_MinimumChartSize: 4
  m_AutoUVMaxDistance: 0.5
  m_AutoUVMaxAngle: 89
  m_LightmapParameters: {fileID: 0}
  m_SortingLayerID: 0
  m_SortingLayer: 0
  m_SortingOrder: 0
--- !u!23 &23127528101336914
MeshRenderer:
  m_ObjectHideFlags: 1
  m_PrefabParentObject: {fileID: 0}
  m_PrefabInternal: {fileID: 100100000}
  m_GameObject: {fileID: 1013166844631902}
  m_Enabled: 1
  m_CastShadows: 1
  m_ReceiveShadows: 1
  m_DynamicOccludee: 1
  m_MotionVectors: 1
  m_LightProbeUsage: 1
  m_ReflectionProbeUsage: 1
  m_Materials:
  - {fileID: 2100000, guid: c6405a62db4519744a9f640044cb0127, type: 3}
  m_StaticBatchInfo:
    firstSubMesh: 0
    subMeshCount: 0
  m_StaticBatchRoot: {fileID: 0}
  m_ProbeAnchor: {fileID: 0}
  m_LightProbeVolumeOverride: {fileID: 0}
  m_ScaleInLightmap: 1
  m_PreserveUVs: 0
  m_IgnoreNormalsForChartDetection: 0
  m_ImportantGI: 0
  m_StitchLightmapSeams: 0
  m_SelectedEditorRenderState: 3
  m_MinimumChartSize: 4
  m_AutoUVMaxDistance: 0.5
  m_AutoUVMaxAngle: 89
  m_LightmapParameters: {fileID: 0}
  m_SortingLayerID: 0
  m_SortingLayer: 0
  m_SortingOrder: 0
--- !u!23 &23357053178745984
MeshRenderer:
  m_ObjectHideFlags: 1
  m_PrefabParentObject: {fileID: 0}
  m_PrefabInternal: {fileID: 100100000}
  m_GameObject: {fileID: 1460721832924872}
  m_Enabled: 1
  m_CastShadows: 1
  m_ReceiveShadows: 1
  m_DynamicOccludee: 1
  m_MotionVectors: 1
  m_LightProbeUsage: 1
  m_ReflectionProbeUsage: 1
  m_Materials:
  - {fileID: 2100000, guid: c6405a62db4519744a9f640044cb0127, type: 3}
  m_StaticBatchInfo:
    firstSubMesh: 0
    subMeshCount: 0
  m_StaticBatchRoot: {fileID: 0}
  m_ProbeAnchor: {fileID: 0}
  m_LightProbeVolumeOverride: {fileID: 0}
  m_ScaleInLightmap: 1
  m_PreserveUVs: 0
  m_IgnoreNormalsForChartDetection: 0
  m_ImportantGI: 0
  m_StitchLightmapSeams: 0
  m_SelectedEditorRenderState: 3
  m_MinimumChartSize: 4
  m_AutoUVMaxDistance: 0.5
  m_AutoUVMaxAngle: 89
  m_LightmapParameters: {fileID: 0}
  m_SortingLayerID: 0
  m_SortingLayer: 0
  m_SortingOrder: 0
--- !u!23 &23362917862697474
MeshRenderer:
  m_ObjectHideFlags: 1
  m_PrefabParentObject: {fileID: 0}
  m_PrefabInternal: {fileID: 100100000}
  m_GameObject: {fileID: 1500935380104016}
  m_Enabled: 1
  m_CastShadows: 1
  m_ReceiveShadows: 1
  m_DynamicOccludee: 1
  m_MotionVectors: 1
  m_LightProbeUsage: 1
  m_ReflectionProbeUsage: 1
  m_Materials:
  - {fileID: 2100000, guid: c6405a62db4519744a9f640044cb0127, type: 3}
  m_StaticBatchInfo:
    firstSubMesh: 0
    subMeshCount: 0
  m_StaticBatchRoot: {fileID: 0}
  m_ProbeAnchor: {fileID: 0}
  m_LightProbeVolumeOverride: {fileID: 0}
  m_ScaleInLightmap: 1
  m_PreserveUVs: 0
  m_IgnoreNormalsForChartDetection: 0
  m_ImportantGI: 0
  m_StitchLightmapSeams: 0
  m_SelectedEditorRenderState: 3
  m_MinimumChartSize: 4
  m_AutoUVMaxDistance: 0.5
  m_AutoUVMaxAngle: 89
  m_LightmapParameters: {fileID: 0}
  m_SortingLayerID: 0
  m_SortingLayer: 0
  m_SortingOrder: 0
--- !u!23 &23533638959698862
MeshRenderer:
  m_ObjectHideFlags: 1
  m_PrefabParentObject: {fileID: 0}
  m_PrefabInternal: {fileID: 100100000}
  m_GameObject: {fileID: 1607573038826114}
  m_Enabled: 1
  m_CastShadows: 1
  m_ReceiveShadows: 1
  m_DynamicOccludee: 1
  m_MotionVectors: 1
  m_LightProbeUsage: 1
  m_ReflectionProbeUsage: 1
  m_Materials:
  - {fileID: 2100000, guid: c6405a62db4519744a9f640044cb0127, type: 3}
  m_StaticBatchInfo:
    firstSubMesh: 0
    subMeshCount: 0
  m_StaticBatchRoot: {fileID: 0}
  m_ProbeAnchor: {fileID: 0}
  m_LightProbeVolumeOverride: {fileID: 0}
  m_ScaleInLightmap: 1
  m_PreserveUVs: 0
  m_IgnoreNormalsForChartDetection: 0
  m_ImportantGI: 0
  m_StitchLightmapSeams: 0
  m_SelectedEditorRenderState: 3
  m_MinimumChartSize: 4
  m_AutoUVMaxDistance: 0.5
  m_AutoUVMaxAngle: 89
  m_LightmapParameters: {fileID: 0}
  m_SortingLayerID: 0
  m_SortingLayer: 0
  m_SortingOrder: 0
--- !u!23 &23597027394281898
MeshRenderer:
  m_ObjectHideFlags: 1
  m_PrefabParentObject: {fileID: 0}
  m_PrefabInternal: {fileID: 100100000}
  m_GameObject: {fileID: 1186297158001678}
  m_Enabled: 1
  m_CastShadows: 1
  m_ReceiveShadows: 1
  m_DynamicOccludee: 1
  m_MotionVectors: 1
  m_LightProbeUsage: 1
  m_ReflectionProbeUsage: 1
  m_Materials:
  - {fileID: 2100000, guid: c6405a62db4519744a9f640044cb0127, type: 3}
  m_StaticBatchInfo:
    firstSubMesh: 0
    subMeshCount: 0
  m_StaticBatchRoot: {fileID: 0}
  m_ProbeAnchor: {fileID: 0}
  m_LightProbeVolumeOverride: {fileID: 0}
  m_ScaleInLightmap: 1
  m_PreserveUVs: 0
  m_IgnoreNormalsForChartDetection: 0
  m_ImportantGI: 0
  m_StitchLightmapSeams: 0
  m_SelectedEditorRenderState: 3
  m_MinimumChartSize: 4
  m_AutoUVMaxDistance: 0.5
  m_AutoUVMaxAngle: 89
  m_LightmapParameters: {fileID: 0}
  m_SortingLayerID: 0
  m_SortingLayer: 0
  m_SortingOrder: 0
--- !u!23 &23674145548064268
MeshRenderer:
  m_ObjectHideFlags: 1
  m_PrefabParentObject: {fileID: 0}
  m_PrefabInternal: {fileID: 100100000}
  m_GameObject: {fileID: 1617399983434426}
  m_Enabled: 1
  m_CastShadows: 1
  m_ReceiveShadows: 1
  m_DynamicOccludee: 1
  m_MotionVectors: 1
  m_LightProbeUsage: 1
  m_ReflectionProbeUsage: 1
  m_Materials:
  - {fileID: 2100000, guid: c6405a62db4519744a9f640044cb0127, type: 3}
  m_StaticBatchInfo:
    firstSubMesh: 0
    subMeshCount: 0
  m_StaticBatchRoot: {fileID: 0}
  m_ProbeAnchor: {fileID: 0}
  m_LightProbeVolumeOverride: {fileID: 0}
  m_ScaleInLightmap: 1
  m_PreserveUVs: 0
  m_IgnoreNormalsForChartDetection: 0
  m_ImportantGI: 0
  m_StitchLightmapSeams: 0
  m_SelectedEditorRenderState: 3
  m_MinimumChartSize: 4
  m_AutoUVMaxDistance: 0.5
  m_AutoUVMaxAngle: 89
  m_LightmapParameters: {fileID: 0}
  m_SortingLayerID: 0
  m_SortingLayer: 0
  m_SortingOrder: 0
--- !u!23 &23765850505946122
MeshRenderer:
  m_ObjectHideFlags: 1
  m_PrefabParentObject: {fileID: 0}
  m_PrefabInternal: {fileID: 100100000}
  m_GameObject: {fileID: 1383394691239206}
  m_Enabled: 1
  m_CastShadows: 1
  m_ReceiveShadows: 1
  m_DynamicOccludee: 1
  m_MotionVectors: 1
  m_LightProbeUsage: 1
  m_ReflectionProbeUsage: 1
  m_Materials:
  - {fileID: 2100000, guid: c6405a62db4519744a9f640044cb0127, type: 3}
  m_StaticBatchInfo:
    firstSubMesh: 0
    subMeshCount: 0
  m_StaticBatchRoot: {fileID: 0}
  m_ProbeAnchor: {fileID: 0}
  m_LightProbeVolumeOverride: {fileID: 0}
  m_ScaleInLightmap: 1
  m_PreserveUVs: 0
  m_IgnoreNormalsForChartDetection: 0
  m_ImportantGI: 0
  m_StitchLightmapSeams: 0
  m_SelectedEditorRenderState: 3
  m_MinimumChartSize: 4
  m_AutoUVMaxDistance: 0.5
  m_AutoUVMaxAngle: 89
  m_LightmapParameters: {fileID: 0}
  m_SortingLayerID: 0
  m_SortingLayer: 0
  m_SortingOrder: 0
--- !u!23 &23921742472772420
MeshRenderer:
  m_ObjectHideFlags: 1
  m_PrefabParentObject: {fileID: 0}
  m_PrefabInternal: {fileID: 100100000}
  m_GameObject: {fileID: 1851576057237518}
  m_Enabled: 1
  m_CastShadows: 1
  m_ReceiveShadows: 1
  m_DynamicOccludee: 1
  m_MotionVectors: 1
  m_LightProbeUsage: 1
  m_ReflectionProbeUsage: 1
  m_Materials:
  - {fileID: 2100000, guid: c6405a62db4519744a9f640044cb0127, type: 3}
  m_StaticBatchInfo:
    firstSubMesh: 0
    subMeshCount: 0
  m_StaticBatchRoot: {fileID: 0}
  m_ProbeAnchor: {fileID: 0}
  m_LightProbeVolumeOverride: {fileID: 0}
  m_ScaleInLightmap: 1
  m_PreserveUVs: 0
  m_IgnoreNormalsForChartDetection: 0
  m_ImportantGI: 0
  m_StitchLightmapSeams: 0
  m_SelectedEditorRenderState: 3
  m_MinimumChartSize: 4
  m_AutoUVMaxDistance: 0.5
  m_AutoUVMaxAngle: 89
  m_LightmapParameters: {fileID: 0}
  m_SortingLayerID: 0
  m_SortingLayer: 0
  m_SortingOrder: 0
--- !u!23 &23969194106550540
MeshRenderer:
  m_ObjectHideFlags: 1
  m_PrefabParentObject: {fileID: 0}
  m_PrefabInternal: {fileID: 100100000}
  m_GameObject: {fileID: 1706723459624988}
  m_Enabled: 1
  m_CastShadows: 1
  m_ReceiveShadows: 1
  m_DynamicOccludee: 1
  m_MotionVectors: 1
  m_LightProbeUsage: 1
  m_ReflectionProbeUsage: 1
  m_Materials:
  - {fileID: 2100000, guid: c6405a62db4519744a9f640044cb0127, type: 3}
  m_StaticBatchInfo:
    firstSubMesh: 0
    subMeshCount: 0
  m_StaticBatchRoot: {fileID: 0}
  m_ProbeAnchor: {fileID: 0}
  m_LightProbeVolumeOverride: {fileID: 0}
  m_ScaleInLightmap: 1
  m_PreserveUVs: 0
  m_IgnoreNormalsForChartDetection: 0
  m_ImportantGI: 0
  m_StitchLightmapSeams: 0
  m_SelectedEditorRenderState: 3
  m_MinimumChartSize: 4
  m_AutoUVMaxDistance: 0.5
  m_AutoUVMaxAngle: 89
  m_LightmapParameters: {fileID: 0}
  m_SortingLayerID: 0
  m_SortingLayer: 0
  m_SortingOrder: 0
--- !u!33 &33180469681756860
MeshFilter:
  m_ObjectHideFlags: 1
  m_PrefabParentObject: {fileID: 0}
  m_PrefabInternal: {fileID: 100100000}
  m_GameObject: {fileID: 1617399983434426}
  m_Mesh: {fileID: 4300000, guid: c6405a62db4519744a9f640044cb0127, type: 3}
--- !u!33 &33264787218280784
MeshFilter:
  m_ObjectHideFlags: 1
  m_PrefabParentObject: {fileID: 0}
  m_PrefabInternal: {fileID: 100100000}
  m_GameObject: {fileID: 1500935380104016}
  m_Mesh: {fileID: 4300000, guid: c6405a62db4519744a9f640044cb0127, type: 3}
--- !u!33 &33309736419710694
MeshFilter:
  m_ObjectHideFlags: 1
  m_PrefabParentObject: {fileID: 0}
  m_PrefabInternal: {fileID: 100100000}
  m_GameObject: {fileID: 1706723459624988}
  m_Mesh: {fileID: 4300000, guid: c6405a62db4519744a9f640044cb0127, type: 3}
--- !u!33 &33389511336615680
MeshFilter:
  m_ObjectHideFlags: 1
  m_PrefabParentObject: {fileID: 0}
  m_PrefabInternal: {fileID: 100100000}
  m_GameObject: {fileID: 1383394691239206}
  m_Mesh: {fileID: 4300000, guid: c6405a62db4519744a9f640044cb0127, type: 3}
--- !u!33 &33572193647770370
MeshFilter:
  m_ObjectHideFlags: 1
  m_PrefabParentObject: {fileID: 0}
  m_PrefabInternal: {fileID: 100100000}
  m_GameObject: {fileID: 1115144031451808}
  m_Mesh: {fileID: 4300000, guid: c6405a62db4519744a9f640044cb0127, type: 3}
--- !u!33 &33574706582706074
MeshFilter:
  m_ObjectHideFlags: 1
  m_PrefabParentObject: {fileID: 0}
  m_PrefabInternal: {fileID: 100100000}
  m_GameObject: {fileID: 1460721832924872}
  m_Mesh: {fileID: 4300000, guid: c6405a62db4519744a9f640044cb0127, type: 3}
--- !u!33 &33621918413284392
MeshFilter:
  m_ObjectHideFlags: 1
  m_PrefabParentObject: {fileID: 0}
  m_PrefabInternal: {fileID: 100100000}
  m_GameObject: {fileID: 1607573038826114}
  m_Mesh: {fileID: 4300000, guid: c6405a62db4519744a9f640044cb0127, type: 3}
--- !u!33 &33687751093455612
MeshFilter:
  m_ObjectHideFlags: 1
  m_PrefabParentObject: {fileID: 0}
  m_PrefabInternal: {fileID: 100100000}
  m_GameObject: {fileID: 1851576057237518}
  m_Mesh: {fileID: 4300000, guid: c6405a62db4519744a9f640044cb0127, type: 3}
--- !u!33 &33748146056442446
MeshFilter:
  m_ObjectHideFlags: 1
  m_PrefabParentObject: {fileID: 0}
  m_PrefabInternal: {fileID: 100100000}
  m_GameObject: {fileID: 1186297158001678}
  m_Mesh: {fileID: 4300000, guid: c6405a62db4519744a9f640044cb0127, type: 3}
--- !u!33 &33962412394527438
MeshFilter:
  m_ObjectHideFlags: 1
  m_PrefabParentObject: {fileID: 0}
  m_PrefabInternal: {fileID: 100100000}
  m_GameObject: {fileID: 1013166844631902}
  m_Mesh: {fileID: 4300000, guid: c6405a62db4519744a9f640044cb0127, type: 3}
--- !u!54 &54062364949882688
Rigidbody:
  m_ObjectHideFlags: 1
  m_PrefabParentObject: {fileID: 0}
  m_PrefabInternal: {fileID: 100100000}
  m_GameObject: {fileID: 1013166844631902}
  serializedVersion: 2
  m_Mass: 1
  m_Drag: 0
  m_AngularDrag: 0.05
  m_UseGravity: 1
  m_IsKinematic: 0
  m_Interpolate: 0
  m_Constraints: 0
  m_CollisionDetection: 0
--- !u!54 &54070522222728834
Rigidbody:
  m_ObjectHideFlags: 1
  m_PrefabParentObject: {fileID: 0}
  m_PrefabInternal: {fileID: 100100000}
  m_GameObject: {fileID: 1383394691239206}
  serializedVersion: 2
  m_Mass: 1
  m_Drag: 0
  m_AngularDrag: 0.05
  m_UseGravity: 1
  m_IsKinematic: 0
  m_Interpolate: 0
  m_Constraints: 0
  m_CollisionDetection: 0
--- !u!54 &54153305066330816
Rigidbody:
  m_ObjectHideFlags: 1
  m_PrefabParentObject: {fileID: 0}
  m_PrefabInternal: {fileID: 100100000}
  m_GameObject: {fileID: 1851576057237518}
  serializedVersion: 2
  m_Mass: 1
  m_Drag: 0
  m_AngularDrag: 0.05
  m_UseGravity: 1
  m_IsKinematic: 0
  m_Interpolate: 0
  m_Constraints: 0
  m_CollisionDetection: 0
--- !u!54 &54237413706697188
Rigidbody:
  m_ObjectHideFlags: 1
  m_PrefabParentObject: {fileID: 0}
  m_PrefabInternal: {fileID: 100100000}
  m_GameObject: {fileID: 1607573038826114}
  serializedVersion: 2
  m_Mass: 1
  m_Drag: 0
  m_AngularDrag: 0.05
  m_UseGravity: 1
  m_IsKinematic: 0
  m_Interpolate: 0
  m_Constraints: 0
  m_CollisionDetection: 0
--- !u!54 &54408211708605956
Rigidbody:
  m_ObjectHideFlags: 1
  m_PrefabParentObject: {fileID: 0}
  m_PrefabInternal: {fileID: 100100000}
  m_GameObject: {fileID: 1115144031451808}
  serializedVersion: 2
  m_Mass: 1
  m_Drag: 0
  m_AngularDrag: 0.05
  m_UseGravity: 1
  m_IsKinematic: 0
  m_Interpolate: 0
  m_Constraints: 0
  m_CollisionDetection: 0
--- !u!54 &54443644288326754
Rigidbody:
  m_ObjectHideFlags: 1
  m_PrefabParentObject: {fileID: 0}
  m_PrefabInternal: {fileID: 100100000}
  m_GameObject: {fileID: 1500935380104016}
  serializedVersion: 2
  m_Mass: 1
  m_Drag: 0
  m_AngularDrag: 0.05
  m_UseGravity: 1
  m_IsKinematic: 0
  m_Interpolate: 0
  m_Constraints: 0
  m_CollisionDetection: 0
--- !u!54 &54466717013477096
Rigidbody:
  m_ObjectHideFlags: 1
  m_PrefabParentObject: {fileID: 0}
  m_PrefabInternal: {fileID: 100100000}
  m_GameObject: {fileID: 1460721832924872}
  serializedVersion: 2
  m_Mass: 1
  m_Drag: 0
  m_AngularDrag: 0.05
  m_UseGravity: 1
  m_IsKinematic: 0
  m_Interpolate: 0
  m_Constraints: 0
  m_CollisionDetection: 0
--- !u!54 &54558358593757420
Rigidbody:
  m_ObjectHideFlags: 1
  m_PrefabParentObject: {fileID: 0}
  m_PrefabInternal: {fileID: 100100000}
  m_GameObject: {fileID: 1617399983434426}
  serializedVersion: 2
  m_Mass: 1
  m_Drag: 0
  m_AngularDrag: 0.05
  m_UseGravity: 1
  m_IsKinematic: 0
  m_Interpolate: 0
  m_Constraints: 0
  m_CollisionDetection: 0
--- !u!54 &54652625912332574
Rigidbody:
  m_ObjectHideFlags: 1
  m_PrefabParentObject: {fileID: 0}
  m_PrefabInternal: {fileID: 100100000}
  m_GameObject: {fileID: 1186297158001678}
  serializedVersion: 2
  m_Mass: 1
  m_Drag: 0
  m_AngularDrag: 0.05
  m_UseGravity: 1
  m_IsKinematic: 0
  m_Interpolate: 0
  m_Constraints: 0
  m_CollisionDetection: 0
--- !u!54 &54696750028051058
Rigidbody:
  m_ObjectHideFlags: 1
  m_PrefabParentObject: {fileID: 0}
  m_PrefabInternal: {fileID: 100100000}
  m_GameObject: {fileID: 1706723459624988}
  serializedVersion: 2
  m_Mass: 1
  m_Drag: 0
  m_AngularDrag: 0.05
  m_UseGravity: 1
  m_IsKinematic: 0
  m_Interpolate: 0
  m_Constraints: 0
  m_CollisionDetection: 0
--- !u!64 &64158176173997372
MeshCollider:
  m_ObjectHideFlags: 1
  m_PrefabParentObject: {fileID: 0}
  m_PrefabInternal: {fileID: 100100000}
  m_GameObject: {fileID: 1851576057237518}
  m_Material: {fileID: 0}
  m_IsTrigger: 0
  m_Enabled: 1
  serializedVersion: 3
  m_Convex: 1
  m_CookingOptions: 14
  m_SkinWidth: 0.01
  m_Mesh: {fileID: 4300000, guid: c6405a62db4519744a9f640044cb0127, type: 3}
--- !u!64 &64237460867187018
MeshCollider:
  m_ObjectHideFlags: 1
  m_PrefabParentObject: {fileID: 0}
  m_PrefabInternal: {fileID: 100100000}
  m_GameObject: {fileID: 1617399983434426}
  m_Material: {fileID: 0}
  m_IsTrigger: 0
  m_Enabled: 1
  serializedVersion: 3
  m_Convex: 1
  m_CookingOptions: 14
  m_SkinWidth: 0.01
  m_Mesh: {fileID: 4300000, guid: c6405a62db4519744a9f640044cb0127, type: 3}
--- !u!64 &64258545391255024
MeshCollider:
  m_ObjectHideFlags: 1
  m_PrefabParentObject: {fileID: 0}
  m_PrefabInternal: {fileID: 100100000}
  m_GameObject: {fileID: 1186297158001678}
  m_Material: {fileID: 0}
  m_IsTrigger: 0
  m_Enabled: 1
  serializedVersion: 3
  m_Convex: 1
  m_CookingOptions: 14
  m_SkinWidth: 0.01
  m_Mesh: {fileID: 4300000, guid: c6405a62db4519744a9f640044cb0127, type: 3}
--- !u!64 &64281113163479090
MeshCollider:
  m_ObjectHideFlags: 1
  m_PrefabParentObject: {fileID: 0}
  m_PrefabInternal: {fileID: 100100000}
  m_GameObject: {fileID: 1013166844631902}
  m_Material: {fileID: 0}
  m_IsTrigger: 0
  m_Enabled: 1
  serializedVersion: 3
  m_Convex: 1
  m_CookingOptions: 14
  m_SkinWidth: 0.01
  m_Mesh: {fileID: 4300000, guid: c6405a62db4519744a9f640044cb0127, type: 3}
--- !u!64 &64446347542977456
MeshCollider:
  m_ObjectHideFlags: 1
  m_PrefabParentObject: {fileID: 0}
  m_PrefabInternal: {fileID: 100100000}
  m_GameObject: {fileID: 1607573038826114}
  m_Material: {fileID: 0}
  m_IsTrigger: 0
  m_Enabled: 1
  serializedVersion: 3
  m_Convex: 1
  m_CookingOptions: 14
  m_SkinWidth: 0.01
  m_Mesh: {fileID: 4300000, guid: c6405a62db4519744a9f640044cb0127, type: 3}
--- !u!64 &64584488035800280
MeshCollider:
  m_ObjectHideFlags: 1
  m_PrefabParentObject: {fileID: 0}
  m_PrefabInternal: {fileID: 100100000}
  m_GameObject: {fileID: 1460721832924872}
  m_Material: {fileID: 0}
  m_IsTrigger: 0
  m_Enabled: 1
  serializedVersion: 3
  m_Convex: 1
  m_CookingOptions: 14
  m_SkinWidth: 0.01
  m_Mesh: {fileID: 4300000, guid: c6405a62db4519744a9f640044cb0127, type: 3}
--- !u!64 &64700079056492162
MeshCollider:
  m_ObjectHideFlags: 1
  m_PrefabParentObject: {fileID: 0}
  m_PrefabInternal: {fileID: 100100000}
  m_GameObject: {fileID: 1383394691239206}
  m_Material: {fileID: 0}
  m_IsTrigger: 0
  m_Enabled: 1
  serializedVersion: 3
  m_Convex: 1
  m_CookingOptions: 14
  m_SkinWidth: 0.01
  m_Mesh: {fileID: 4300000, guid: c6405a62db4519744a9f640044cb0127, type: 3}
--- !u!64 &64740924303019036
MeshCollider:
  m_ObjectHideFlags: 1
  m_PrefabParentObject: {fileID: 0}
  m_PrefabInternal: {fileID: 100100000}
  m_GameObject: {fileID: 1115144031451808}
  m_Material: {fileID: 0}
  m_IsTrigger: 0
  m_Enabled: 1
  serializedVersion: 3
  m_Convex: 1
  m_CookingOptions: 14
  m_SkinWidth: 0.01
  m_Mesh: {fileID: 4300000, guid: c6405a62db4519744a9f640044cb0127, type: 3}
--- !u!64 &64924674322332692
MeshCollider:
  m_ObjectHideFlags: 1
  m_PrefabParentObject: {fileID: 0}
  m_PrefabInternal: {fileID: 100100000}
  m_GameObject: {fileID: 1706723459624988}
  m_Material: {fileID: 0}
  m_IsTrigger: 0
  m_Enabled: 1
  serializedVersion: 3
  m_Convex: 1
  m_CookingOptions: 14
  m_SkinWidth: 0.01
  m_Mesh: {fileID: 4300000, guid: c6405a62db4519744a9f640044cb0127, type: 3}
--- !u!64 &64972049766255050
MeshCollider:
  m_ObjectHideFlags: 1
  m_PrefabParentObject: {fileID: 0}
  m_PrefabInternal: {fileID: 100100000}
  m_GameObject: {fileID: 1500935380104016}
  m_Material: {fileID: 0}
  m_IsTrigger: 0
  m_Enabled: 1
  serializedVersion: 3
  m_Convex: 1
  m_CookingOptions: 14
  m_SkinWidth: 0.01
  m_Mesh: {fileID: 4300000, guid: c6405a62db4519744a9f640044cb0127, type: 3}
--- !u!114 &114085360755270916
MonoBehaviour:
  m_ObjectHideFlags: 1
  m_PrefabParentObject: {fileID: 0}
  m_PrefabInternal: {fileID: 100100000}
  m_GameObject: {fileID: 1851576057237518}
  m_Enabled: 1
  m_EditorHideFlags: 0
  m_Script: {fileID: 11500000, guid: 77d90ec1a2201ac40bc45eb3a0dd12e9, type: 3}
  m_Name: 
  m_EditorClassIdentifier: 
  InitialPosition: {x: 0, y: 0, z: 0}
  InitialRotation: {x: 0, y: 0, z: 0, w: 1}
  Rigidbody: {fileID: 0}
--- !u!114 &114246429387545082
MonoBehaviour:
  m_ObjectHideFlags: 1
  m_PrefabParentObject: {fileID: 0}
  m_PrefabInternal: {fileID: 100100000}
  m_GameObject: {fileID: 1706723459624988}
  m_Enabled: 1
  m_EditorHideFlags: 0
  m_Script: {fileID: 11500000, guid: 77d90ec1a2201ac40bc45eb3a0dd12e9, type: 3}
  m_Name: 
  m_EditorClassIdentifier: 
  InitialPosition: {x: 0, y: 0, z: 0}
  InitialRotation: {x: 0, y: 0, z: 0, w: 1}
  Rigidbody: {fileID: 0}
--- !u!114 &114249176367220490
MonoBehaviour:
  m_ObjectHideFlags: 1
  m_PrefabParentObject: {fileID: 0}
  m_PrefabInternal: {fileID: 100100000}
  m_GameObject: {fileID: 1013166844631902}
  m_Enabled: 1
  m_EditorHideFlags: 0
  m_Script: {fileID: 11500000, guid: 77d90ec1a2201ac40bc45eb3a0dd12e9, type: 3}
  m_Name: 
  m_EditorClassIdentifier: 
  InitialPosition: {x: 0, y: 0, z: 0}
  InitialRotation: {x: 0, y: 0, z: 0, w: 1}
  Rigidbody: {fileID: 0}
--- !u!114 &114261399231301160
MonoBehaviour:
  m_ObjectHideFlags: 1
  m_PrefabParentObject: {fileID: 0}
  m_PrefabInternal: {fileID: 100100000}
  m_GameObject: {fileID: 1460721832924872}
  m_Enabled: 1
  m_EditorHideFlags: 0
  m_Script: {fileID: 11500000, guid: 77d90ec1a2201ac40bc45eb3a0dd12e9, type: 3}
  m_Name: 
  m_EditorClassIdentifier: 
  InitialPosition: {x: 0, y: 0, z: 0}
  InitialRotation: {x: 0, y: 0, z: 0, w: 1}
  Rigidbody: {fileID: 0}
--- !u!114 &114319662385238362
MonoBehaviour:
  m_ObjectHideFlags: 1
  m_PrefabParentObject: {fileID: 0}
  m_PrefabInternal: {fileID: 100100000}
  m_GameObject: {fileID: 1383394691239206}
  m_Enabled: 1
  m_EditorHideFlags: 0
  m_Script: {fileID: 11500000, guid: 77d90ec1a2201ac40bc45eb3a0dd12e9, type: 3}
  m_Name: 
  m_EditorClassIdentifier: 
  InitialPosition: {x: 0, y: 0, z: 0}
  InitialRotation: {x: 0, y: 0, z: 0, w: 1}
  Rigidbody: {fileID: 0}
--- !u!114 &114691052989853644
MonoBehaviour:
  m_ObjectHideFlags: 1
  m_PrefabParentObject: {fileID: 0}
  m_PrefabInternal: {fileID: 100100000}
  m_GameObject: {fileID: 1617399983434426}
  m_Enabled: 1
  m_EditorHideFlags: 0
  m_Script: {fileID: 11500000, guid: 77d90ec1a2201ac40bc45eb3a0dd12e9, type: 3}
  m_Name: 
  m_EditorClassIdentifier: 
  InitialPosition: {x: 0, y: 0, z: 0}
  InitialRotation: {x: 0, y: 0, z: 0, w: 1}
  Rigidbody: {fileID: 0}
--- !u!114 &114852837559738468
MonoBehaviour:
  m_ObjectHideFlags: 1
  m_PrefabParentObject: {fileID: 0}
  m_PrefabInternal: {fileID: 100100000}
  m_GameObject: {fileID: 1186297158001678}
  m_Enabled: 1
  m_EditorHideFlags: 0
  m_Script: {fileID: 11500000, guid: 77d90ec1a2201ac40bc45eb3a0dd12e9, type: 3}
  m_Name: 
  m_EditorClassIdentifier: 
  InitialPosition: {x: 0, y: 0, z: 0}
  InitialRotation: {x: 0, y: 0, z: 0, w: 1}
  Rigidbody: {fileID: 0}
--- !u!114 &114891933837711870
MonoBehaviour:
  m_ObjectHideFlags: 1
  m_PrefabParentObject: {fileID: 0}
  m_PrefabInternal: {fileID: 100100000}
  m_GameObject: {fileID: 1115144031451808}
  m_Enabled: 1
  m_EditorHideFlags: 0
  m_Script: {fileID: 11500000, guid: 77d90ec1a2201ac40bc45eb3a0dd12e9, type: 3}
  m_Name: 
  m_EditorClassIdentifier: 
  InitialPosition: {x: 0, y: 0, z: 0}
  InitialRotation: {x: 0, y: 0, z: 0, w: 1}
  Rigidbody: {fileID: 0}
--- !u!114 &114896443049433550
MonoBehaviour:
  m_ObjectHideFlags: 1
  m_PrefabParentObject: {fileID: 0}
  m_PrefabInternal: {fileID: 100100000}
  m_GameObject: {fileID: 1500935380104016}
  m_Enabled: 1
  m_EditorHideFlags: 0
  m_Script: {fileID: 11500000, guid: 77d90ec1a2201ac40bc45eb3a0dd12e9, type: 3}
  m_Name: 
  m_EditorClassIdentifier: 
  InitialPosition: {x: 0, y: 0, z: 0}
  InitialRotation: {x: 0, y: 0, z: 0, w: 1}
  Rigidbody: {fileID: 0}
--- !u!114 &114969172494729100
MonoBehaviour:
  m_ObjectHideFlags: 1
  m_PrefabParentObject: {fileID: 0}
  m_PrefabInternal: {fileID: 100100000}
  m_GameObject: {fileID: 1206891261634214}
  m_Enabled: 1
  m_EditorHideFlags: 0
  m_Script: {fileID: 11500000, guid: 77d90ec1a2201ac40bc45eb3a0dd12e9, type: 3}
  m_Name: 
  m_EditorClassIdentifier: 
  InitialPosition: {x: 0, y: 0, z: 0}
  InitialRotation: {x: 0, y: 0, z: 0, w: 1}
  Rigidbody: {fileID: 0}
--- !u!114 &114985692368296186
MonoBehaviour:
  m_ObjectHideFlags: 1
  m_PrefabParentObject: {fileID: 0}
  m_PrefabInternal: {fileID: 100100000}
  m_GameObject: {fileID: 1607573038826114}
  m_Enabled: 1
  m_EditorHideFlags: 0
  m_Script: {fileID: 11500000, guid: 77d90ec1a2201ac40bc45eb3a0dd12e9, type: 3}
  m_Name: 
  m_EditorClassIdentifier: 
  InitialPosition: {x: 0, y: 0, z: 0}
  InitialRotation: {x: 0, y: 0, z: 0, w: 1}
  Rigidbody: {fileID: 0}
